<?xml version="1.0" encoding="UTF-8"?><collection xmlns="http://www.loc.gov/MARC21/slim"><record><leader>00342nam--2200109-i-4500</leader><controlfield tag="001">000048057</controlfield><controlfield tag="002">20161230</controlfield><controlfield tag="005">20161230201046</controlfield><controlfield tag="008">060222s1000------------r-----000-0-eng-d</controlfield><datafield ind1=" " ind2=" " tag="245"><subfield code="a">Zipp, die elektrotechnik wirkungen und gesetze der elektrizitat und ihre technischen anwendungen</subfield></datafield><datafield ind1=" " ind2=" " tag="260"><subfield code="a">Berlin, Verlag C.A. Weller, 1940, Xv + 710p</subfield></datafield><datafield ind1=" " ind2=" " tag="852"><subfield code="a">901</subfield></datafield></record></collection>